@book{Cohen-Tannoudji:101367,
	title        = {{Quantum mechanics; 1st ed.}},
	author       = {Cohen-Tannoudji, Claude and Diu, Bernard and Laloë, Franck},
	year         = 1977,
	publisher    = {Wiley},
	address      = {New York, NY},
	note         = {Trans. of : Mécanique quantique. Paris : Hermann, 1973}
}
@book{scipy,
	title        = {SciPy and NumPy: an overview for developers},
	author       = {Eli Bressert},
	year         = 2012,
	publisher    = {O’Reilly Media, Inc},
	publisher    = {O' Reilly Media, Inc.},
	address      = {Estados Unidos},
	isbn         = {978-1-449-30546-8},
	edition      = 1
}
@book{bengtsson_zyczkowski_2017,
	title        = {Geometry of Quantum States: An Introduction to Quantum Entanglement},
	author       = {Bengtsson, Ingemar and Zyczkowski, Karol},
	year         = 2017,
	publisher    = {Cambridge University Press},
	doi          = {10.1017/9781139207010},
	place        = {Cambridge},
	edition      = {2nd}
}
@book{schlosshauer2007decoherence,
	title        = {Decoherence: and the quantum-to-classical transition},
	author       = {Schlosshauer, Maximilian A},
	year         = 2007,
	publisher    = {Springer Science \& Business Media}
}
@book{nielsen_chuang_2011,
	title        = {Quantum Computation and Quantum Information: 10th Anniversary Edition},
	author       = {Nielsen, Michael A. and Chuang, Isaac L.},
	year         = 2011,
	publisher    = {Cambridge University Press},
	address      = {USA},
	isbn         = 1107002176,
	edition      = {10th}
}
@misc{Qiskit,
	title        = {Qiskit: An Open-source Framework for Quantum Computing},
	author       = {MD SAJID ANIS and Abby-Mitchell and Héctor Abraham and AduOffei and others},
	year         = 2021,
	doi          = {10.5281/zenodo.2573505}
}
@article{Jozsa,
	title        = {Fidelity for Mixed Quantum States},
	author       = {Richard   Jozsa},
	year         = 1994,
	journal      = {Journal of Modern Optics},
	publisher    = {Taylor & Francis},
	volume       = 41,
	number       = 12,
	pages        = {2315--2323},
	doi          = {10.1080/09500349414552171}
}
@article{Liu_2021,
	title        = {Variational Quantum Algorithms for the Steady States of Open Quantum Systems},
	author       = {Huan-Yu Liu and Tai-Ping Sun and Yu-Chun Wu and Guo-Ping Guo},
	year         = 2021,
	month        = {sep},
	journal      = {Chinese Physics Letters},
	publisher    = {{IOP} Publishing},
	volume       = 38,
	number       = 8,
	pages        = {080301},
	doi          = {10.1088/0256-307x/38/8/080301},
	url          = {https://doi.org/10.1088%2F0256-307x%2F38%2F8%2F080301}
}

@Article{QProcess,
author={Torlai, Giacomo
and Wood, Christopher J.
and Acharya, Atithi
and Carleo, Giuseppe
and Carrasquilla, Juan
and Aolita, Leandro},
title={Quantum process tomography with unsupervised learning and tensor networks},
journal={Nature Communications},
year={2023},
month={May},
day={19},
volume={14},
number={1},
pages={2858},
issn={2041-1723},
doi={10.1038/s41467-023-38332-9},
url={https://doi.org/10.1038/s41467-023-38332-9}
}




@article{Sim_2019,
	title        = {Expressibility and Entangling Capability of Parameterized Quantum Circuits for Hybrid Quantum-Classical Algorithms},
	author       = {Sukin Sim and Peter D. Johnson and Al{\'{a} }n Aspuru-Guzik},
	year         = 2019,
	month        = {oct},
	journal      = {Advanced Quantum Technologies},
	publisher    = {Wiley},
	volume       = 2,
	number       = 12,
	pages        = 1900070,
	doi          = {10.1002/qute.201900070},
	url          = {https://doi.org/10.1002%2Fqute.201900070}
}
@article{VQA,
	title        = {Variational quantum algorithms},
	author       = {Cerezo, M. and Arrasmith, A. and Babbush, R. and et al.},
	year         = 2021,
	journal      = {Nat Rev Phys},
	publisher    = {Nat Rev Phys},
	number       = 3,
	pages        = {625--644},
	doi          = {https://doi.org/10.1038/s42254-021-00348-9}
}
URL = { 
        https://doi.org/10.1080/09500349414552171
    
},
eprint = { 
        https://doi.org/10.1080/09500349414552171
}
}
@book{princip_quantum,
	title        = {Principles of Quantum Computation and Information},
	author       = {Strini, Giuliano and  Casati Giulio},
	year         = 2004,
	publisher    = {World Scientific},
	address      = {Italia},
	volume       = 2,
	isbn         = {981-238-830-3},
	edition      = {}
}
@article{nathanson2007pauli,
	title        = {Pauli diagonal channels constant on axes},
	author       = {Nathanson, Michael and Ruskai, Mary Beth},
	year         = 2007,
	journal      = {Journal of Physics A: Mathematical and Theoretical},
	publisher    = {IOP Publishing},
	volume       = 40,
	number       = 28,
	pages        = 8171
}
@misc{jensen_wolfram,
	title        = {Jensen's inequality},
	author       = {Weisstein , Eric W},
	publisher    = {MathWorld--A Wolfram Web Resource},
	url          = {https://mathworld.wolfram.com/JensensInequality.html}
}
@article{chandra2013quantum,
	title        = {Quantum Entanglement in Electron Optics},
	author       = {Chandra, N and Ghosh, R},
	year         = 2013,
	journal      = {Quantum Entanglement in Electron Optics: Generation, Characterization, and Applications},
	publisher    = {Springer},
	pages        = 1
}
@article{weedbrook2012gaussian,
	title        = {Gaussian quantum information},
	author       = {Weedbrook, Christian and Pirandola, Stefano and Garc{\'\i}a-Patr{\'o}n, Ra{\'u}l and Cerf, Nicolas J and Ralph, Timothy C and Shapiro, Jeffrey H and Lloyd, Seth},
	year         = 2012,
	journal      = {Reviews of Modern Physics},
	publisher    = {APS},
	volume       = 84,
	number       = 2,
	pages        = 621
}
@online{Topos,
	title        = {Transpiler (Documentation)},
	author       = {Qiskit Development Team},
	year         = 2021,
	url          = {https://qiskit.org/documentation/apidoc/transpiler.html},
	urldate      = {2022-10-01}
}
@article{preskill1998lecture,
	title        = {Lecture notes for a course on quantum computation},
	author       = {Preskill, John},
	year         = 1998,
	journal      = {Unpublished. Available at http://www. theory. caltech. edu/people/preskill/ph229},
	volume       = 1999
}
@online{icfm,
	title        = {{Escuela de Ciencias Físicas y Matemáticas USAC}},
	author       = {ECFM-USAC},
	year         = 2021,
	url          = {https://n9.cl/1y543},
	keywords     = {icfm, ecfm}
}
@misc{watrous_2011,
	title        = {Lecture Notes, Theory of Quantum Information},
	author       = {Watrous, John},
	year         = 2011,
	url          = {https://cs.uwaterloo.ca/~watrous/TQI-notes/TQI-notes.pdf}
}
@online{JD-Chang,
	title        = {{Chang, Juan Diego}},
	author       = {ECFM-USAC},
	year         = 2021,
	url          = {https://ecfm.usac.edu.gt/index.php/node/50},
	keywords     = {Juan Diego Chang}
}
@online{ifunam,
	title        = {{Instituto de Física}},
	author       = {IFUNAM},
	year         = 2021,
	url          = {https://www.fisica.unam.mx/},
	keywords     = {IFUNAM}
}
@online{knuthwebsite,
	title        = {Knuth: Computers and Typesetting},
	author       = {Donald Knuth},
	url          = {http://www-cs-faculty.stanford.edu/~uno/abcde.html},
	keywords     = {latex,knuth}
}
@online{Qiskit-Textbook,
	title        = {Learn Quantum Computation Using Qiskit},
	author       = {Abraham Asfaw and Antonio Corcoles and Luciano Bello and Yael Ben-Haim and others.},
	year         = 2020,
	url          = {http://community.qiskit.org/textbook}
}